
%%% sample article %%%

@article{key1,
author = {},
keywords = {},
journal = {},
number = {},
pages = {},
title = {{}},
volume = {},
year = {1969}
}

%%% sample online source %%%

@online{key2,
author = {},
keywords = {},
month = {},
title = {{}},
url = {},
year = {}
}

%%% sample book chapter %%%

@incollection{key3,
author={},
keywords = {},
title ={},
editor = {},
booktitle = {},
publisher = {},
address = {},
year = {},
pages = {}
}


%%% sample book %%%

@book{key4,
author = {},
booktitle = {},
doi = {},
isbn = {},
pages = {},
publisher = {},
title = {{}},
year = {}
}


%%%%%%%%%%%%%%%%%%%%%%%%%%%%% ACTUAL BIBLIOGRAPHY %%%%%%%%%%%%%%%%%%%

@online{VanDale,
title = {{Van Dale}},
url = {https://www.vandale.nl/zoeken/o/zoeken.do#},
urldate = {2020-10-11/2020-11-04}
}

